<record><leader>00000cas a22000007a 4500</leader><controlfield tag="001">10963070</controlfield><controlfield tag="008">840718d18661914iauwr ne      0    0eng d</controlfield><datafield ind1=" " ind2=" " tag="010"><subfield code="a">sn 84027243 </subfield></datafield><datafield ind1=" " ind2=" " tag="040"><subfield code="a">NPU</subfield><subfield code="b">eng</subfield><subfield code="c">NPU</subfield><subfield code="d">NPX</subfield><subfield code="d">INP</subfield><subfield code="d">OCLCQ</subfield></datafield><datafield ind1=" " ind2=" " tag="042"><subfield code="a">msc</subfield></datafield><datafield ind1="0" ind2=" " tag="130"><subfield code="a">Mount Pleasant journal (Mount Pleasant, Iowa)</subfield></datafield><datafield ind1="1" ind2="0" tag="245"><subfield code="a">Mount Pleasant journal.</subfield></datafield><datafield ind1="1" ind2="3" tag="246"><subfield code="a">Mt. Pleasant journal</subfield></datafield><datafield ind1="1" ind2="3" tag="246"><subfield code="a">Semi-weekly journal</subfield></datafield><datafield ind1=" " ind2=" " tag="260"><subfield code="a">Mount Pleasant, Iowa :</subfield><subfield code="b">Richard Hatton</subfield></datafield><datafield ind1=" " ind2=" " tag="300"><subfield code="a">v. :</subfield><subfield code="b">ill. ;</subfield><subfield code="c">54-72 cm.</subfield></datafield><datafield ind1=" " ind2=" " tag="310"><subfield code="a">Weekly,</subfield><subfield code="b">Feb. 14, 1913-&lt;Aug. 20, 1914&gt;</subfield></datafield><datafield ind1=" " ind2=" " tag="321"><subfield code="a">Weekly,</subfield><subfield code="b">&lt;July 6, 1866&gt;-Apr. 27, 1899</subfield></datafield><datafield ind1=" " ind2=" " tag="321"><subfield code="a">Semiweekly,</subfield><subfield code="b">May 2, 1899-Feb. 7, 1913</subfield></datafield><datafield ind1="1" ind2=" " tag="362"><subfield code="a">Began in 1866.</subfield></datafield><datafield ind1="1" ind2=" " tag="362"><subfield code="a">Ceased in Aug. 1914.</subfield><subfield code="z">Cf. Bibl. of Iowa newspapers.</subfield></datafield><datafield ind1=" " ind2=" " tag="500"><subfield code="a">Publisher varies.</subfield></datafield><datafield ind1=" " ind2=" " tag="588"><subfield code="a">Description based on: Vol. 11, no. 2 (July 6, 1866).</subfield></datafield><datafield ind1=" " ind2=" " tag="752"><subfield code="a">United States</subfield><subfield code="b">Iowa</subfield><subfield code="c">Henry</subfield><subfield code="d">Mount Pleasant.</subfield></datafield><datafield ind1="0" ind2=" " tag="775"><subfield code="t">Evening journal (Mount Pleasant, Iowa : 1898)</subfield><subfield code="w">(DLC)sn 86060168</subfield><subfield code="g">&lt;Dec. 12, 1898-Sept. 27, 1910&gt;</subfield></datafield><datafield ind1="0" ind2=" " tag="775"><subfield code="t">Morning journal (Mount Pleasant, Iowa)</subfield><subfield code="w">(DLC)sn 86060167</subfield><subfield code="g">&lt;Mar. 9, 1905-June 23, 1906&gt;</subfield></datafield><datafield ind1="0" ind2="0" tag="780"><subfield code="t">Home journal (Mount Pleasant, Iowa)</subfield><subfield code="w">(DLC)sn 84038349</subfield></datafield><datafield ind1="0" ind2="7" tag="785"><subfield code="t">Mt. Pleasant weekly news (Mount Pleasant, Iowa : 1892)</subfield><subfield code="w">(DLC)sn 86060140</subfield></datafield><datafield ind1="0" ind2="7" tag="785"><subfield code="t">Mt. Pleasant news-journal</subfield><subfield code="w">(DLC)sn 86060139</subfield></datafield></record>